<?xml version="1.0" encoding="UTF-8"?><record xmlns="http://www.loc.gov/MARC21/slim" xmlns:cinclude="http://apache.org/cocoon/include/1.0" xmlns:zs="http://www.loc.gov/zing/srw/">
  <leader>00921cz  a2200157n  4500</leader>
  <controlfield tag="001">n 2010071803</controlfield>
  <controlfield tag="003">DLC</controlfield>
  <controlfield tag="005">20120818080035.0</controlfield>
  <controlfield tag="008">101027n| acannaabn          |b ana      </controlfield>
  <datafield tag="010" ind1=" " ind2=" ">
    <subfield code="a">n 2010071803</subfield>
  </datafield>
  <datafield tag="040" ind1=" " ind2=" ">
    <subfield code="a">DLC</subfield>
    <subfield code="b">eng</subfield>
    <subfield code="c">DLC</subfield>
    <subfield code="d">DLC</subfield>
  </datafield>
  <datafield tag="111" ind1="2" ind2=" ">
    <subfield code="a">Ji nian dang de shi yi jie san zhong quan hui zhao kai 30 zhou nian li lun yan tao hui</subfield>
    <subfield code="d">(2008 :</subfield>
    <subfield code="c">Beijing, China)</subfield>
  </datafield>
  <datafield tag="411" ind1="2" ind2=" ">
    <subfield code="a">纪念党的十一届三中全会召开 30 周年理论研讨会</subfield>
    <subfield code="d">(2008 :</subfield>
    <subfield code="c">Beijing, China)</subfield>
  </datafield>
  <datafield tag="667" ind1=" " ind2=" ">
    <subfield code="a">THIS 1XX FIELD CANNOT BE USED UNDER RDA UNTIL THIS RECORD HAS BEEN REVIEWED AND/OR UPDATED</subfield>
  </datafield>
  <datafield tag="667" ind1=" " ind2=" ">
    <subfield code="a">Non-Latin script reference not evaluated</subfield>
  </datafield>
  <datafield tag="670" ind1=" " ind2=" ">
    <subfield code="a">Ji nian dang de shi yi jie san zhong quan hui zhao kai 30 zhou nian li lun yan tao hui wen ji, 2009:</subfield>
    <subfield code="b">t.p. (纪念党的十一届三中全会召开 30 周年理论研讨会 = Ji nian dang de shi yi jie san zhong quan hui zhao kai 30 zhou nian li lun yan tao hui) pref. (held 2008 at Beijing)</subfield>
  </datafield>
</record>